% (bio)electromagnetics
@article{Hartley1928Theorem,
    author = {R. V. L. Hartley},
    title = {Transmission of information}, 
    year = {1928},
    journal = {The Bell System Technical Journal}, 
    volume = {7},
    number = {3},
    pages = {535--563},
    doi = {10.1002/j.1538-7305.1928.tb01236.x}
}

@book{Kovacs1945Electrotherapy,
    author = {Richard Kovacs},
    title = {Electrotherapy \& Light Therapy, 5th Edition},
    year = {1945},
    publisher = {Lea \& Febiger},
}

@article{Frey1962Human,
    author = {Frey, Allan H.},
    title = {Human auditory system response to modulated electromagnetic energy},
    year = {1962},
    journal = {Journal of Applied Physiology},
    volume = {17},
    number = {4},
    pages = {689--692},
    doi = {10.1152/jappl.1962.17.4.689},
}

@article{Fröhlich1968Long,
    author = {Fröhlich, H.},
    title = {Long-range coherence and energy storage in biological systems},
    year = {1968},
    journal = {International Journal of Quantum Chemistry},
    volume = {2},
    number = {5},
    pages = {641--649},
    doi = {10.1002/qua.560020505},
}

@article{Guy1971Analyses,
    author = {Guy, A.W.},
    title = {Analyses of Electromagnetic Fields Induced in Biological Tissues by Thermographic Studies on Equivalent Phantom Models},
    year = {1971},
    journal = {IEEE Transactions on Microwave Theory and Techniques},
    volume = {19},
    number = {2},
    pages = {205--214},
    doi = {10.1109/TMTT.1968.1127484}
}

@book{Abramowitz1972Handbook,
    author = {M. Abramowitz and I. A. Stegun},
    title = {Handbook of Mathematical Functions With Formulas, Graphs, and Mathematical Tables},
    chapter = {25.4.29},
    year = {1972},
    publisher = {Dover Publication, New York, US},
    isbn = {978-0486612720},
}

@article{Chou1975Effects,
    author = {C-K. Chou},
    year = {1975},
    pages = {122},
    title = {The Effects of Electromagnetic Fields on The Nervous System},
    journal = {Ph.D. Dissertation, Department of Electrical Engineering, College of Engineering, University of Washington, Seattle, DC, USA}
}

@article{Tell1976Measurement,
    author={Tell, R.A.},
    title={A measurement of {RF} field intensities in the immediate vicinity of an {FM} broadcast station antenna},
    year={1976},
    journal={U.S. EPA Report ORP/EAD-76-2}
}

@book{Brekhovskikh1980Waves,
    author = {L. Brekhovskikh},
    title = {Waves in Layered Media, 2nd Edition},
    year = {1980},
    publisher = {Academic Press},
    isbn = {978-0323161626}
}

@article{Lövsund1980Magnetophosphenes,
    author = {Lövsund, P. and Öberg, P. A. and Nilsson, S. E. G. and Reuter, T.},
    title = {Magnetophosphenes: A quantitative analysis of thresholds},
    journal = {Medical and Biological Engineering and Computing},
    volume = {18},
    number = {3},
    pages = {326--334},
    year = {1980},
    doi = {10.1007/BF02443387},
}

@book{Piessens1983Quadpack,
    author = {Piessens, Robert and de Doncker-Kapenga, Elise and {\"U}berhuber, Christoph W. and Kahaner, David K.},
    title = {Quadpack: A Subroutine Package for Automatic Integration},
    chapter = {Algorithm descriptions},
    year = {1983},
    publisher = {Springer, Berlin, Heidelberg},
    isbn = {978-3-642-61786-7},
}

@article{Durney1986Radiofrequency,
    author = {C. H. Durney and H. Massoudi and M. F. Iskander},
    title = {Radio-frequency Radiation Dosimetry Handbook, 4th Edition},
    year = {1986},
    journal = {Brooks Air Force Base, TX: USAF School of Aerospace Medicine, Aerospace Medical Division (AFSC)},
}

@article{Dunavant1985High,
    author = {Dunavant, D. A.},
    title = {High degree efficient symmetrical {Gaussian} quadrature rules for the triangle},
    year = {1985},
    journal = {International Journal for Numerical Methods in Engineering},
    volume = {21},
    number = {6},
    pages = {1129--1148},
    doi = {10.1002/nme.1620210612},
}

@article{Dunavant1985Economical,
    author = {Dunavant, D. A.},
    title = {Economical symmetrical quadrature rules for complete polynomials over a square domain},
    year = {1985},
    journal = {International Journal for Numerical Methods in Engineering},
    volume = {21},
    number = {10},
    pages = {1777-1784},
    doi = {10.1002/nme.1620211004}
}

@article{Sullivan1987Use,
    author = {Sullivan, Dennis M. and Borup, David T. and Gandhi, Om P.},
    journal = {IEEE Transactions on Biomedical Engineering},
    title = {Use of the Finite-Difference Time-Domain Method in Calculating {EM} Absorption in Human Tissues},
    year = {1987},
    volume = {BME-34},
    number = {2},
    pages = {148--157},
    doi = {10.1109/TBME.1987.326039}
}

@book{Kahaner1989Numerical,
    author = {Kahaner, David and Moler, Cleve and Nash, Stephen},
    title = {Numerical Methods and Software},
    year = {1989},
    isbn = {0136272584},
    publisher = {Prentice-Hall, Inc., New Jersey, US},
}

@article{Kuster1992Energy,
    author = {Kuster, N. and Balzano, Q.},
    title = {Energy absorption mechanism by biological bodies in the near field of dipole antennas above 300 {MHz}},
    year = {1992},
    journal = {IEEE Transactions on Vehicular Technology},
    volume = {41},
    number = {1},
    pages = {17--23},
    doi = {10.1109/25.120141}
}

@inbook{Lin1994Early,
    author = {Lin, James C.},
    title = {Early Contributions to Electromagnetic Fields in Living Systems},
    bookTitle = {Advances in Electromagnetic Fields in Living Systems},
    year = {1994},
    publisher = {Springer},
    pages = {1--25},
    isbn = {978-1461525424},
}

@article{Chou1996Radio,
    author = {Chou, C.K. and Bassen, H. and Osepchuk, J. and Balzano, Q. and Petersen, R. and Meltz, M. and Cleveland, R. and Lin, J.C. and Heynick, L.},
    title = {Radio frequency electromagnetic exposure: Tutorial review on experimental dosimetry},
    year = {1996},
    journal = {Bioelectromagnetics},
    volume = {17},
    number = {3},
    pages = {195--208},
    doi = {10.1002/(SICI)1521-186X(1996)17:3<195::AID-BEM5>3.0.CO;2-Z}
}

@inproceedings{Gabriel1996Compilation,
    author = {Camelia Gabriel},
    title = {Compilation of the Dielectric Properties of Body Tissues at {RF} and Microwave Frequencies},
    year = {1996},
    booktitle = {US Air Force},
    volume = {Final Technical Report},
    pages = {TR-1996–0037},
    doi = {10.21236/ada303903},
}

@book{Jackson1998Classical,
    author = {J. D. Jackson},
    title = {Classical Electrodynamics, 3rd Edition},
    year = {1998},
    publisher = {John Wiley \& Sons, Inc., New Jersey, US},
    isbn = {978-0471309321}
}

@article{Pakhomov1998Current,
    author = {A. G. Pakhomov  and Y. Akyel and O. N. Pakhomova and B. E. Stuck and M. R. Murphy},
    title = {Current state and implications of research on biological effects of millimeter waves: A review of the literature},
    year = {1998},
    journal = {Bioelectromagnetics},
    volume = {19},
    number = {7},
    pages = {393--413},
    doi = {10.1002/(sici)1521-186x(1998)19:7<393::aid-bem1>3.0.co;2-x},
}

@article{ICNIRP1998Guidlines,
    author = {{International Commission on Non-Ionizing Radiation Protection (ICNIRP)}},
    title = {Guidelines for limiting exposure to time-varying electric, magnetic, and electromagnetic fields (up to 300 {GHz})},
    year = {1998},
    journal = {Health Physics},
    volume = {75},
    number = {4},
    pages = {494--522},
}

@article{IEEE1999Standard,
    author = {{IEEE}},
    journal = {Std C95.1-1999 (Revision of IEEE Std C95.1-1991)},
    title = {Standard for Safety Levels with Respect to Human Exposure to Radio Frequency Electromagnetic Fields, 3 {kHz} to 300 {GHz}},
    year = {1999},
    pages = {1--83},
    doi = {10.1109/IEEESTD.1999.89423}
}

@article{Bulletin1999QuestionsAA,
    author = {R. F. Cleveland and J. L. Ulcek},
    title = {Questions and Answers about Biological Effects and Potential Hazards of Radio-frequency Electromagnetic Fields},
    year = {1999},
    journal = {Federal Communication Commission, Office of Engineering and Technology Bulletin},
    volume = {56},
}

@article{Hirata2000Temperature,
    author = {Hirata, A. and Matsuyama, S.-I. and Shiozawa, T.},
    title = {Temperature rises in the human eye exposed to {EM} waves in the frequency range 0.6--6 {GHz}},
    year = {2000},
    journal = {IEEE Transactions on Electromagnetic Compatibility},
    volume = {42},
    number = {4},
    pages = {386--393},
    doi = {10.1109/15.902308}
}

@article{Faraone2000Estimation,
    author = {Faraone, A. and Roger Yew-Siow Tay and Joyner, K.H. and Balzano, Q.},
    journal = {IEEE Transactions on Vehicular Technology},
    title = {Estimation of the average power density in the vicinity of cellular base-station collinear array antennas},
    year = {2000},
    volume = {49},
    number = {3},
    pages = {984--996},
    doi = {10.1109/25.845115}
}

@article{Walters2000Heating,
    author = {T. J. Walters and D. W. Blick and L. R. Johnson and E. R. Adair and K R Foster},
    title = {Heating and pain sensation produced in human skin by millimeter waves: Comparison to a simple thermal model},
    year = {2000},
    journal = {Health Physics},
    volume = {78},
    issue = {3},
    pages = {259--267},
    doi = {10.1097/00004032-200003000-00003}
}

@article{Dewhirst2003Basic,
    author = {M. W. Dewhirst and B. L. Viglianti and M. Lora-Michiels and M. Hanson and P. J. Hoopes},
    title = {Basic principles of thermal dosimetry and thermal thresholds for tissue damage from hyperthermia},
    year = {2003},
    journal = {International Journal of Hyperthermia},
    volume = {19},
    number = {3},
    pages = {267--294},
    doi = {10.1080/0265673031000119006},
}

@article{Adair2003Thermoregulatory,
    author = {Adair, Eleanor R. and Black, David R.},
    title = {Thermoregulatory responses to {RF} energy absorption},
    year = {2003},
    journal = {Bioelectromagnetics},
    volume = {24},
    number = {6},
    pages = {17--38},
    doi = {10.1002/bem.10133}
}

@article{IEEE2005Standard,  
    author = {{IEEE International Committee on Electromagnetic Safety (ICES) Technical Committee (TC) 95}},
    title = {Standard for Safety Levels with Respect to Human Exposure to Electric, Magnetic, and Electromagnetic Fields, 0 {Hz} to 300 {GHz}},
    year = {2005},
    journal = {IEEE Std C95.1-2005 (Revision of IEEE Std C95.1-1991)},
    pages = {1--238},
    doi={10.1109/IEEESTD.2006.99501},
}

@book{Poljak2006Advanced,
    author = {Dragan Poljak},
    title = {Advanced Modeling in Computational Electromagnetic Compatibility},
    year = {2007},
    publisher = {John Wiley \& Sons, Inc., New Jersey, US},
    isbn = {978-0-470-03665-5}
}

@inproceedings{Ziskin2006Physiological,
    author = {Ziskin, Marvin},
    title = {Physiological mechanisms underlying millimeter wave therapy},
    year = {2006},
    booktitle = {Bioelectromagnetics Current Concepts},
    publisher = {Springer},
    pages = {241--251},
    isbn = {978-1402042768},
}

@article{Hirata2006Correlation,
    author = {Hirata, A. and Fujiwara, O. and Shiozawa, T.},
    title = {Correlation Between Peak Spatial-Average {SAR} and Temperature Increase Due to Antennas Attached to Human Trunk},
    year = {2006},
    journal = {IEEE Transactions on Biomedical Engineering},
    volume = {53}, 
    number = {8},
    pages = {1658--1664},  
    doi = {10.1109/TBME.2006.877798}
}

@article{Hirata2008FDTD,
    author = {Akimasa Hirata and Takayuki Asano and Osamu Fujiwara},
    title = {{FDTD} analysis of body-core temperature elevation in children and adults for whole-body exposure},
    year = {2008},
    journal = {Physics in Medicine \& Biology},
    volume = {53},
    number = {18},
    pages = {5223},
    doi = {10.1088/0031-9155/53/18/025},
}

@article{Saunders2007neurobiological,
    author = {Saunders, R.D. and Jefferys, J.G.},
    title = {A neurobiological basis for {ELF} guidelines},
    year = {2007},
    journal = {Health Physcis},
    volume = {92},
    number = {6},
    pages = {596--603},
    doi = {10.1097/01.HP.0000257856.83294.3e},
}

@article{Swicord2008Has,
    author = {Swicord, Mays and Balzano, Q.},
    year = {2008},
    pages = {1638--1649},
    title = {Has electromagnetic energy in the band 0.1--100 {GHz} useful medical applications? {A} review of mechanisms and biological database offers dim prospects},
    volume = {36},
    journal = {IEEE Transactions on Plasma Science},
    doi = {10.1109/TPS.2008.927165}
}

@article{DInzeo2009Deliverable,
    author = {D'Inzeo, G.},
    title = {Reports on theoretical mechanisms and their plausibility, including experimental/epidemiological evidence, computer models and explicit evaluation of contrary arguments},
    year = {2009},
    journal = {Deliverable Report {D41}}
    }

@article{Hirata2009correlation,
    author = {Akimasa Hirata and Osamu Fujiwara},
    title = {The correlation between mass-averaged {SAR} and temperature elevation in the human head model exposed to {RF} near-fields from 1 to 6 {GHz}},
    year = {2009},
    journal = {Physics in Medicine \& Biology},
    volume = {54},
    number = {23},
    pages = {7227},
    doi = {10.1088/0031-9155/54/23/013},
}

@article{Roach2009Radiofrequency,
    author = {W. P. Roach},
    title = {Radio-frequency Radiation dosimetry Handbook, 5th Edition},
    year = {2009},
    journal = {Air Force Research Lab Brooks Air Force Base TX Human Effectiveness Directorate: San Antonio, TX, USA},
}

@article{Joshi2010Critical,
    author = {Joshi, R. P. and Schoenbach, K. H.},
    title = {Bioelectric effects of intense ultrashort pulses},
    year = {2010},
    journal = {Critical Reviews in Biomedical Engineering},
    volume = {38},
    number = {3},
    pages = {255--304},
    doi = {10.1615/critrevbiomedeng.v38.i3.20},
}

@article{Anderson2010SAR,
    author = {Anderson, Vitas and Croft, Rodney and McIntosh, Robert L.},
    journal = {Bioelectromagnetics},
    title = {{SAR} versus {S\textsubscript{inc}}: {What} is the appropriate {RF} exposure metric in the range 1--10 {GHz}? {Part I}: Using planar body models},
    year = {2010},
    volume = {31},
    number = {6},
    pages = {454 -- 466},
    doi = {10.1002/bem.20578}
}

@article{McIntosh2010SAR,
    author = {McIntosh, Robert L. and Anderson, Vitas},
    title = {{SAR} versus {S\textsubscript{inc}}: {What} is the appropriate {RF} exposure metric in the range 1--10 {GHz}? {Part II}: Using complex human body models},
    year = {2010},
    journal = {Bioelectromagnetics},
    volume = {31},
    number = {6},
    pages = {467--478},
    doi = {10.100/bem.20574}
}

@article{McIntosh2011SAR,
    author = {McIntosh, Robert L. and Anderson, Vitas},
    title = {{SAR} versus {VAR}, and the size and shape that provide the most appropriate {RF} exposure metric in the range of 0.5--6 {GHz}},
    year = {2011},
    journal = {Bioelectromagnetics},
    volume = {32},
    number = {4},
    pages = {312--321},
    doi = {10.1002/bem.20642},
}

@article{Zhadobov2011Millimeter,
    author = {Zhadobov, Maxim and Chahat, Nacer and Sauleau, Ronan and Le Quement, Catherine and Le Drean, Yves},
    title = {Millimeter-wave interactions with the human body: State of knowledge and recent advances},
    year = {2011},
    journal = {International Journal of Microwave and Wireless Technologies},
    volume = {3},
    number = {2},
    pages = {237--247},
    doi = {10.1017/S1759078711000122},
}

@article{Li2012Mechanisms,
    author = {Chung-Huan Li and Mark Douglas and Erdem Ofli and Nicolas Chavannes and Quirino Balzano and Niels Kuster},
    title = {Mechanisms of {RF} electromagnetic field absorption in human hands and fingers},
    year = {2012},
    journal = {IEEE Transactions on Microwave Theory and Techniques},
    volume = {60},
    number = {7},
    pages = {2267--2276},
    doi = {10.1109/TMTT.2012.2197019},
}

@article{Nelson2013High,
    author = {David A. Nelson and Allen R. Curran and Hans A. Nyberg and Eric A. Marttila and Patrick A. Mason and John M. Ziriax},
    title = {High-resolution simulations of the thermophysiological effects of human exposure to 100 {MHz} {RF} energy},
    year = {2013},
    journal = {Physics in Medicine \& Biology},
    volume = {58},
    number = {6},
    pages = {1947},
    doi = {10.1088/0031-9155/58/6/1947},
}

@article{Rappaport2013Millimeter,
    author = {Rappaport, Theodore S. and Sun, Shu and Mayzus, Rimma and Zhao, Hang and Azar, Yaniv and Wang, Kevin and Wong, George N. and Schulz, Jocelyn K. and Samimi, Mathew and Gutierrez, Felix},
    title = {Millimeter wave mobile communications for {5G} cellular: It will work!}, 
    journal = {IEEE Access},
    year = {2013},
    volume = {1},
    pages = {335--349},
    doi = {10.1109/ACCESS.2013.2260813}
}

@ARTICLE{Andrews2014What,
    author = {Andrews, Jeffrey G. and Buzzi, Stefano and Choi, Wan and Hanly, Stephen V. and Lozano, Angel and Soong, Anthony C. K. and Zhang, Jianzhong Charlie},
    journal = {IEEE Journal on Selected Areas in Communications}, 
    title = {What will {5G} be?}, 
    year = {2014},
    volume = {32},
    number = {6},
    pages = {1065--1082},
    doi = {10.1109/JSAC.2014.2328098}
}

@article{Sasaki2014Measurement,
    author = {K Sasaki and K Wake and S Watanabe},
    title = {Measurement of the dielectric properties of the epidermis and dermis at frequencies from 0.5 {GHz} to 110 {GHz}},
    year = {2014},
    journal = {Physics in Medicine \& Biology},
    volume = {59},
    number = {16},
    pages = {4739},
    doi = {10.1088/0031-9155/59/16/4739},
}

@article{Laakso2015Intersubject,
    author = {Laakso, I. and Tanaka, S. and Koyama, S. and De Santis, V. and Hirata, A.},
    title = {Inter-subject variability in electric fields of motor cortical {tDCS}},
    year = {2015},
    journal = {Brain Stimulation},
    volume = {8},
    number = {5},
    pages ={906--913},
    doi = {10.1016/j.brs.2015.05.002}
}

@article{Wu2015Safe,
    author = {Wu, Ting and Rappaport, Theodore S. and Collins, Christopher M.},
    title = {Safe for generations to come: Considerations of safety for millimeter waves in wireless communications}, 
    year = {2015},
    journal = {IEEE Microwave Magazine}, 
    volume = {16},
    number = {2},
    pages = {65--84},
    doi = {10.1109/MMM.2014.2377587}
}

@article{Colombi2015Implications,
    author = {Colombi, D. and Thors, B. and Törnevik, C.},
    title = {Implications of {EMF} Exposure Limits on Output Power Levels for {5G} Devices Above 6 {GHz}},
    year = {2015},
    journal = {IEEE Antennas and Wireless Propagation Letters},
    volume = {14},
    pages = {1247--1249}, 
    doi={10.1109/LAWP.2015.2400331}
}

@inproceedings{Wu2015human,
    author = {Wu, Ting and Rappaport, Theodore S. and Collins, Christopher M.},
    title = {The human body and millimeter-wave wireless communication systems: Interactions and implications},
    year={2015},
    booktitle = {In proceedings of the 2015 IEEE International Conference on Communications (ICC)},
    pages = {2423--2429},
    location = {London, UK},
    doi = {10.1109/ICC.2015.7248688}
}

@article{Morimoto2016Relationship,
    author = {Ryota Morimoto and Ilkka Laakso and Valerio De Santis and Akimasa Hirata},
    title = {Relationship between peak spatial-averaged specific absorption rate and peak temperature elevation in human head in frequency range of 1--30 {GHz}},
    year = {2016},
    journal = {Physics in Medicine \& Biology},
    volume = {61},
    number = {14},
    pages = {5406},
    doi = {10.1088/0031-9155/61/14/5406},
}

@article{Foster2016Thermal,
    author = {Foster, K. R. and Ziskin, M. C. and Balzano, Q.},
    title = {Thermal response of human skin to microwave energy: A critical review},
    year = {2016},
    journal = {Health Physics},
    volume = {111},
    number = {6},
    pages = {528--541},
    doi = {10.1097/HP.0000000000000571},
}

@article{Thors2016Exposure,
    author = {Thors, Björn and Colombi, Davide and Ying, Zhinong and Bolin, Thomas and Törnevik, Christer},
    title = {Exposure to {RF EMF} From Array Antennas in {5G} Mobile Communication Equipment},
    year={2016},
    journal = {IEEE Access},
    volume = {4},
    pages = {7469--7478},
    doi={10.1109/ACCESS.2016.2601145},
}

@inproceedings{Xu2017Understanding,
    author = {Xu, Bo and Zhao, Kun and He, Sailing and Ying, Zhinong},
    title = {Understandings of maximum spatially-averaged power density in {5G RF EMF} exposure study},
    year = {2017},
    booktitle = {In proceedings of the 2017 International Workshop on Antenna Technology: Small Antennas, Innovative Structures, and Applications (iWAT)},
    location = {Athens, Greece},
    pages = {115--117},
    doi = {10.1109/IWAT.2017.7915332}
}

@article{Morimoto2017Time,
    author = {Ryota Morimoto and Akimasa Hirata and Ilkka Laakso and Marvin C. Ziskin and Kenneth R. Foster},
    title = {Time constants for temperature elevation in human models exposed to dipole antennas and beams in the frequency range from 1 to 30 {GHz}},
    year = {2017},
    journal = {Physics in Medicine \& Biology},
    volume = {62},
    number = {5},
    pages = {1676},
    doi = {10.1088/1361-6560/aa5251},
}

@book{Griffiths2017Introduction,
    author = {D. J. Griffiths},
    title = {Introduction to Electrodynamics,  4th Edition},
    year = {2017},
    publisher = {Cambridge University Press},
    isbn = {978-1108420419}
}

@article{Repacholi2017history,
    author = {Repacholi, M.H.},
    title = {A History of the {International Commission on Non-Ionizing Radiation Protection}},
    year = {2017},
    journal = {Health Physics},
    volume = {113},
    number = {4},
    pages = {282--300},
    doi = {10.1097/HP.0000000000000699}
}

@article{Romanenko2017interaction,
    author = {Romanenko, Sergii  and Begley, Ryan  and Harvey, Alan R.  and Hool, Livia  and Wallace, Vincent P.},
    title = {The interaction between electromagnetic fields at megahertz, gigahertz and terahertz frequencies with cells,  tissues and organisms: Risks and potential},
    year = {2017},
    journal = {Journal of The Royal Society Interface},
    volume = {14},
    number = {137},
    pages = {20170585},
    doi = {10.1098/rsif.2017.0585},
}

@article{Sasaki2017Monte,
    author = {Kensuke Sasaki and Maya Mizuno and Kanako Wake and Soichi Watanabe},
    title = {Monte {Carlo} simulations of skin exposure to electromagnetic field from 10 {GHz} to 1 {THz}},
    year = {2017},
    journal = {Physics in Medicine \& Biology},
    volume = {62},
    issue = {17},
    pages = {6993--7010},
    doi = {10.1088/1361-6560/aa81fc}
}

@article{Heuvel2017independent,
    author = {Anne M. J. van den Heuvel and Benjamin J. Haberley and David J. R. Hoyle and Nigel A. S. Taylor and Rodney J. Croft},
    title = {The independent influences of heat strain and dehydration upon cognition},
    year = {2017},
    journal = {European Journal of Applied Physiology},
    volume = {117},
    issue = {5},
    pages = {1025--1037},
    doi = {10.1007/s00421-017-3592-2}
}

@article{Laakso2017Human,
    author = {Ilkka Laakso and Ryota Morimoto and Juhani Heinonen and Kari Jokela and Akimasa Hirata},
    title = {Human exposure to pulsed fields in the frequency range from 6 to 100 {GHz}},
    year = {2017},
    journal = {Physics in Medicine \& Biology},
    volume = {62},
    number = {17},
    pages = {6980},
    doi = {10.1088/1361-6560/aa81fe},
}

@article{Foster2017Thermal,
    author = {Foster, K. R. and Ziskin, M. C. and Balzano, Q.},
    title = {Thermal modeling for the next generation of radio-frequency exposure limits: Commentary},
    year = {2017},
    journal = {Health Physics},
    volume = {113},
    number = {1},
    pages = {41--53},
    doi = {10.1097/HP.0000000000000671},
}

@article{Hashimoto2017averaging,
    author = {Hashimoto, Y. and Hirata, A. and Morimoto, R. and Aonuma, S. and Laakso, I. and Jokela, K. and Foster, K.},
    title = {On the averaging area for incident power density for human exposure limits at frequencies over 6 {GHz}},
    year = {2017},
    journal = {Physics in Medicine \& Biology},
    volume = {62},
    number = {8},
    pages = {3124--3138},
    doi = {10.1088/1361-6560/aa5f21},
}

@article{Hampshire2018derivation,
    author = {Hampshire, Damian P. },
    title = {A derivation of {Maxwell's} equations using the {Heaviside} notation},
    year = {2018},
    journal = {Philosophical Transactions of the Royal Society A: Mathematical, Physical and Engineering Sciences},
    volume = {376},
    number = {2134},
    pages = {20170447},
    doi = {10.1098/rsta.2017.0447},
}

@inproceedings{Christ2018Thermal,
    author = {Christ, Andreas and Colombi, Davide and Joyner, Ken},
    title = {Thermal modeling of the near-field exposure from wireless {5G} devices},
    year={2018},
    booktitle = {In proceedings of the 2018 European Conference on Antennas and Propagation (EuCAP 2018)},
    location = {London, UK}, 
    doi = {10.1049/cp.2018.1087}
}

@article{Poljak2018conformal,
    author={Poljak, Dragan and Cvetković, Mario and Bottauscio, Oriano and Hirata, Akimasa and Laakso, Ilkka and Neufeld, Esra and Reboux, Sylvain and Warren, Craig and Giannopoulos, Antonios and Costen, Fumie},
    title = {On the Use of Conformal Models and Methods in Dosimetry for Nonuniform Field Exposure},
    year = {2018},
    journal = {IEEE Transactions on Electromagnetic Compatibility},
    volume = {60}, 
    number = {2},
    pages = {328--337},
    doi = {10.1109/TEMC.2017.2723459}
}

@article{Foster2018Modeling,
    author = {Foster, K. R. and Ziskin, M. C. and Balzano, Q. and Bit-Babik, G.},
    title = {Modeling Tissue Heating From Exposure to Radio-frequency Energy and Relevance of Tissue Heating to Exposure Limits: Heating Factor},
    year = {2018},
    journal = {Health Physics},      
    volume = {115},
    number = {2},
    pages = {295--307},
    doi = {10.1097/HP.0000000000000854},
}

@inproceedings{Hirata2018Review,
    author = {Akimasa Hirata},
    title = {Review on human dosimetry for radio-frequency exposure above 6 {GHz} -- {International} exposure standards},
    year = {2018},
    booktitle = {In proceedings of the 2018 Asia-Pacific Microwave Conference},
    location = {Kyoto, Japan},
    doi = {10.23919/APMC.2018.8617491}
}

@article{Kodera2018Brief,
    author = {Kodera, Sachiko and Hirata, Akimasa and Funahashi, Daisuke and Watanabe, Soichi and Jokela, Kari and Croft, Rodney J.},
    title = {Temperature Rise for Brief Radio-Frequency Exposure Below 6 {GHz}},
    year = {2018},
    journal = {IEEE Access},
    volume = {6},
    pages = {65737--65746},
    doi = {10.1109/ACCESS.2018.2878149}
}

@article{Funahashi2018Averaging,
    author = {Funahashi, Daisuke and Ito, Takahiro and Hirata, Akimasa and Iyama, Takahiro and Onishi, Teruo},
    title = {Averaging Area of Incident Power Density for Human Exposure from Patch Antenna Arrays},
    year = {2018},
    journal = {IEICE Transactions on Electronics},
    volume = {E101.C},
    number = {8},
    pages = {644--646},
    doi = {10.1587/transele.E101.C.644},
}

@article{Funahashi2018Area-averaged,
    author = {Funahashi, Daisuke and Hirata, Akimasa and Kodera, Sachiko and Foster, Kenneth R.},
    title = {Area-Averaged Transmitted Power Density at Skin Surface as Metric to Estimate Surface Temperature Elevation},
    year = {2018},
    journal = {IEEE Access},
    volume = {6},
    pages={77665--77674},
    doi = {10.1109/ACCESS.2018.2883733},
}

@article{Ziskin2018Tissue,
    author = {Ziskin, M. C. and Alekseev, S. I. and Foster, K. R. and Balzano, Q.},
    title = {Tissue models for {RF} exposure evaluation at frequencies above 6 {GHz}},
    year = {2018},
    journal = {Bioelectromagnetics},      
    volume = {39},
    number = {3},
    pages = {173--189},
    doi = {10.1002/bem.22110},
}

@article{Foster2018Thermal,
    author = {K. R. {Foster} and M. C. {Ziskin} and Q. {Balzano} and A. {Hirata}},
    title = {Thermal Analysis of Averaging Times in Radio-Frequency Exposure Limits Above 1 {GHz}},
    year = {2018},
    journal = {IEEE Access},      
    volume = {6},
    pages = {74536--74546},
    doi = {10.1109/ACCESS.2018.2883175},
}

@article{He2018RF,
    author = {He, Wang and Xu, Bo and Gustafsson, Mats and Ying, Zhinong and He, Sailing},
    title = {{RF} compliance study of temperature elevation in human head model around 28 {GHz} for {5G} user equipment application: Simulation analysis},
    year={2018},
    journal = {IEEE Access},
    volume = {6},
    pages = {830--838},
    doi = {10.1109/ACCESS.2017.2776145},
}

@article{ISO2019Standard,
    author = {{International Organization for Standardization}},
    journal = {ISO 80000-2:2019},
    title = {Quantities and units - part 2: mathematics},
    year = {2019},
    pages = {20--21}
}

@article{Baek2019FDTD,
    author = {Baek, Jae-Woo and Kim, Dong-Kyoo and Jung, Kyung-Young},
    journal = {IEEE Access}, 
    title = {Finite-Difference Time-Domain Modeling for Electromagnetic Wave Analysis of Human Voxel Model at Millimeter-Wave Frequencies}, 
    year = {2019},
    volume = {7},
    pages = {3635--3643},
    doi = {10.1109/ACCESS.2018.2888584}
}

@article{Carrasco2019Exposure,
    author = {Eduardo Carrasco and Davide Colombi and Kenneth R. Foster and Marvin Ziskin and Quirino Balzano},
    title = {Exposure assessment of portable wireless devices above 6 {GHz}},
    year = {2019},
    journal = {Radiation Protection Dosimetry},
    volume = {183},
    number = {4},
    pages = {489--496},
    doi  ={10.1093/rpd/ncy177},
}

@article{Hirata2019Setting,  
    author = {Akimasa Hirata and Daisuke Funahashi and Sachiko Kodera},
    title = {Setting exposure guidelines and product safety standards for radio-frequency exposure at frequencies above 6 {GHz}: Brief review},
    year = {2019},
    journal = {Annals of Telecommunications},
    volume = {74},
    pages = {17--24},
    doi = {10.1007/s12243-018-0683-y},
}

@article{IEEE2019Standard,  
    author = {{IEEE International Committee on Electromagnetic Safety (ICES) Technical Committee (TC) 95}},
    title = {Standard for safety levels with respect to human exposure to electric, magnetic, and electromagnetic fields, 0 {Hz} to 300 {GHz}},
    year = {2019},
    journal = {{IEEE Std C95.1-2019 (Revision of IEEE Std C95.1-2005/ Incorporates IEEE Std C95.1-2019/Cor 1-2019)}},
    pages = {1--312},
    doi = {10.1109/IEEESTD.2019.8859679},
}

@article{Li2019Relationship,
    author = {Kun Li and Kensuke Sasaki and Soichi Watanabe and Hiroshi Shirai},
    title = {Relationship between power density and surface temperature elevation for human skin exposure to electromagnetic waves with oblique incidence angle from 6 {GHz} to 1 {THz}},
    year = {2019},
    journal = {Physics in Medicine \& Biology},
    volume = {64},
    number = {6},
    pages = {065016},
    doi = {10.1088/1361-6560/ab057a},
}

@article{Jalilian2019Public,
    author = {Hamed Jalilian and Marloes Eeftens and Mansour Ziaei and Martin Röösli},
    title = {Public exposure to radiofrequency electromagnetic fields in everyday microenvironments: An updated systematic review for {Europe}},
    year = {2019},
    journal = {Environmental Research},
    volume = {176},
    pages = {108517},
    doi = {10.1016/j.envres.2019.05.048},
}

@article{Simkó20195G,
    author = {Simkó, Myrtill and Mattsson, Mats-Olof},
    title = {{5G} wireless communication and health effects -- {A} pragmatic review based on available studies regarding 6 to 100 {GHz}},
    year = {2019},
    journal = {International Journal of Environmental Research and Public Health},
    volume = {16},
    number = {18},
    article-number = {3406},
    doi = {10.3390/ijerph16183406}
}

@misc{GSA2019rollout,
    author = {{U.S. General Services Administration}},
    title = {{LTE} and {5G} market statistics},
    url = https://gsacom.com/paper/lte-5g-market-statistics-04-2019/,
    howpublished = {\url{https://gsacom.com/paper/lte-5g-market-statistics-04-2019/}},
    note = {accessed on May 21\textsuperscript{st} 2023}
}

@article{Diao2020Assessment,
    author = {Yinliang Diao and Essam A Rashed and Akimasa Hirata},
    title = {Assessment of absorbed power density and temperature rise for nonplanar body model under electromagnetic exposure above 6 {GHz}},
    year = {2020},
    journal = {Physics in Medicine \& Biology},
    volume = {65},
    article-number = {224001},
    doi = {10.1088/1361-6560/abbdb7},
}

@inproceedings{Hirata2020Difference,
    author = {Hirata, Akimasa and Kodera, Sachiko},
    title = {Difference of {ICNIRP} Guidelines and {IEEE C95.1} Standard for Human Protection from Radio-Frequency Exposures},
    year = {2020},
    booktitle = {In proceedings of the 2020 International Symposium on Electromagnetic Compatibility - EMC EUROPE},
    location = {Rome, Italy},
    doi = {10.1109/EMCEUROPE48519.2020.9245744}
}

@article{ICNIRP2020Principles,
    title = {Principles for Non-Ionizing Radiation Protection},
    author = {{International Commission on Non-Ionizing Radiation Protection (ICNIRP)}},
    journal = {Health Physics},
    year = {2020}, 
    volume = {118},
    number = {5},
    pages = {477--482},
    doi = {10.1097/HP.0000000000001252}
}

@article{ICNIRP2020Guidelines,
    author = {{International Commission on Non-Ionizing Radiation Protection (ICNIRP)}},
    title = {Guidelines for limiting exposure to electromagnetic fields {(100 kHz to 300 GHz)}},
    year = {2020},
    journal = {Health Physics},
    volume = {118},
    pages = {483--524},
    doi = {10.1097/HP.0000000000001210}
}

@inproceedings{Poljak2020transmitted,
    author = {Dragan Poljak and Vicko Dorić},
    title = {Assessment of transmitted power density due to {Hertz} dipole radiation using the modified image theory approach},
    year = {2020},
    booktitle = {In proceedings of the 2020 International Conference on Software, Telecommunications and Computer Networks},
    location = {Split, Croatia},
    doi = {10.23919/SoftCOM50211.2020.9238181},
}

@inproceedings{Poljak2020Assessment,
    author = {Poljak, Dragan and Cvetković, Mario},
    title = {Assessment of absorbed power density ({S\textsubscript{ab}}) at the surface of flat lossy medium in {GHz} frequency range: A case of {Hertz} dipole},
    year = {2020},
    booktitle = {In proceedings of the 2020 International Conference on Smart and Sustainable Technologies},
    location = {Split, Croatia},
    doi = {10.23919/SpliTech49282.2020.9243751},
}

@article{Christ2020Limitations,
    author = {Christ, A. and Samaras, T. and Neufeld, E. and Kuster, N.},
    title = {Limitations of Incident Power Density as a Proxy for Induced Electromagnetic Fields},
    year = {2020},
    journal = {Bioelectromagnetics},
    volume = {41},
    pages = {348--359},
    doi = {10.1002/bem.22268},
}

@article{Nakae2020Skin,
    author = {Nakae, Takuma and Funahashi, Daisuke and Higashiyama, Junji and Onishi, Teruo and Hirata, Akimasa},
    journal = {IEEE Access},
    title = {Skin Temperature Elevation for Incident Power Densities From Dipole Arrays at 28 {GHz}},
    year = {2020},
    volume = {8},
    pages = {26863--26871},
    doi = {10.1109/ACCESS.2020.2970219},   
}

@article{Ziane2020Antenna,
    author = {Ziane, Massinissa and Sauleau, Ronan and Zhadobov, Maxim},
    title = {Antenna/body coupling in the near-field at 60 {GHz}: Impact on the absorbed power density},
    journal = {Applied Sciences},
    volume = {10},
    year = {2020},
    number = {21},
    article-number = {7392},
    doi = {10.3390/app10217392},
}

@ARTICLE{Šušnjara2021Stochastic,
    author = {Šušnjara, Anna and Dodig, Hrvoje and Poljak, Dragan and Cvetković, Mario}, 
    title = {Stochastic-deterministic thermal dosimetry below 6 {GHz} for {5G} mobile communication systems}, 
    year = {2021},
    journal = {IEEE Transactions on Electromagnetic Compatibility},
    volume = {63},
    number = {5},
    pages = {1667--1679},
    doi = {10.1109/TEMC.2021.3098431}
}


@article{Diao2021Effect,
    author = {Diao, Yinliang and Li, Kun and Sasaki, Kensuke and Kodera, Sachiko and Laakso, Ilkka and Hajj, Walid El and Hirata, Akimasa},
    title = {Effect of incidence angle on the spatial-average of incident power density definition to correlate skin temperature rise for millimeter wave exposures},
    year = {2021},
    journal = {IEEE Transactions on Electromagnetic Compatibility},
    volume = {63},
    number = {5},
    pages = {1709--1716},
    doi = {10.1109/TEMC.2021.3098594},
}

@inproceedings{Cvetkovic2021Study,
    author={Mario Cvetković and Dragan Poljak and Ante Kapetanović and Hrvoje Dodig},
    title = {Study on the Suitability of Numerical Integration at {5G} Frequencies Using Unit Cube Test},
    year = {2021},
    booktitle = {In proceedings of the 2021 International Conference on Software, Telecommunications and Computer Networks},
    location = {Split, Croatia},
    doi = {10.23919/SoftCOM52868.2021.9559114},
}

@article{Hirata2021Assessment,
    author={Hirata, Akimasa and Diao, Yinliang and Onishi, Teruo and Sasaki, Kensuke and Ahn, Seungyoung and Colombi, Davide and De Santis, Valerio and Laakso, Ilkka and Giaccone, Luca and Joseph, Wout and Rashed, Essam A. and Kainz, Wolfgang and Chen, Ji},
    title = {Assessment of human exposure to electromagnetic fields: Review and future directions},
    year = {2021},
    journal = {IEEE Transactions on Electromagnetic Compatibility},
    volume = {63},
    number = {5},
    pages = {1619--1630},
    doi = {10.1109/TEMC.2021.3109249},
}

@article{Hirata2021Human,
    author = {Hirata, Akimasa and Kodera, Sachiko and Sasaki, Kensuke and Gomez-Tames, Jose and Laakso, Ilkka and Wood, Andrew and Watanabe, Soichi and Foster, Kenneth R.},
    title = {Human exposure to radio-frequency energy above 6 {GHz}: Review of computational dosimetry studies},
    year = {2021},
    journal = {Physics in Medicine \& Biology},
    volume = {66},
    number = {8},
    pages = {08TR01},
    doi = {10.1088/1361-6560/abf1b7},
}

@article{IEEE2021Guide,
    author = {{IEEE International Committee on Electromagnetic Safety (ICES) Technical Committee (TC) 95}},
    title = {Guide for the definition of incident power density to correlate surface temperature elevation},
    year = {2021},
    journal = {IEEE Std 2889-2021},
    pages = {1--152},
    doi = {10.1109/IEEESTD.2021.9650810},
}

@article{Miura2021Power,
    author = {Miura, Norika and Kodera, Sachiko and Diao, Yinliang and Higashiyama, Junji and Suzuki, Yasunori and Hirata, Akimasa},
    title = {Power Absorption and Skin Temperature Rise From Simultaneous Near-Field Exposure at 2 and 28 {GHz}},
    year = {2021},
    journal = {IEEE Access},
    volume = {9},
    pages = {152140--152149},
    doi = {10.1109/ACCESS.2021.3126372}
}

@article{Karipidis20215G,
    author = {Karipidis, Ken and Mate, Rohan and Urban, David and Tinker, Rick and Wood, Andrew},
    title = {{5G} mobile networks and health - a state-of-the-science review of the research into low-level {RF} fields above 6 {GHz}},
    year = {2021},
    journal = {Journal of Exposure Science \& Environmental Epidemiology},
    volume = {31},
    issue = {4},
    pages = {585--605},
    doi = {10.1038/s41370-021-00297-6}
}

@article{Li2021Quantitative,
    author = {Li, Kun and Sasaki, Kensuke and Wake, Kanako and Onishi, Teruo and Watanabe, Soichi},
    journal = {IEEE Access},
    title = {Quantitative Comparison of Power Densities Related to Electromagnetic Near-Field Exposures With Safety Guidelines From 6 to 100 {GHz}},
    year = {2021},
    volume = {9},
    pages={115801--115812},
    doi={10.1109/ACCESS.2021.3105608}
}

@article{Li2021Intercomparison,
    author = {Li, Kun and Diao, Yinliang and Sasaki, Kensuke and Prokop, Alexander and Poljak, Dragan and Doric, Vicko and Xi, Jingtian and Kodera, Sachiko and Hirata, Akimasa and Hajj, Walid El},
    title = {Intercomparison of Calculated Incident Power Density and Temperature Rise for Exposure From Different Antennas at 10--90 {GHz}},
    year = {2021},
    journal = {IEEE Access},
    volume = {9},
    pages = {151654--151666},
    doi = {10.1109/ACCESS.2021.3126738},
}

@article{IEC63195-1-2022,
    author = {{IEC/IEEE}},
    journal = {Std 63195-1-2022},
    title = {Assessment of power density of human exposure to radio frequency fields from wireless devices in close proximity to the head and body (frequency range of 6 {GHz} to 300 {GHz}) -- {Part 1}: Measurement procedure},
    year = {2022},
    pages = {1--300},
    doi = {10.1109/IEEESTD.2022.9770427}
}

@article{IEC63195-2-2022,
    author = {{IEC/IEEE}},
    journal = {Std 63195-2-2022},
    title = {Assessment of power density of human exposure to radio frequency fields from wireless devices in close proximity to the head and body (frequency range of 6 {GHz} to 300 {GHz}) -- {Part 2}: Computational procedure},
    year = {2022},
    pages = {1--154},
    doi = {10.1109/IEEESTD.2022.9770556}
}

@article{DeSantis2022On,
    author = {De Santis, Valerio and Francesco, Antonio Di and Bit-Babik, Giorgi and Roman, John and Hajj, Walid El},
    title = {On the Correlation Between Incident Power Density and Temperature Increase for Exposures at Frequencies Above 6 {GHz}},
    journal = {IEEE Access},
    year = {2022},
    volume = {10},
    pages = {82236--82245},
    doi = {10.1109/ACCESS.2022.3195887}
}

@article{Lemay2022Analysis,
    author = {Lemay, Eric and Gajda, Gregory B. and McGarr, Gregory W. and Zhuk, Mykola and Paradis, Jonathan},
    title = {Analysis of {ICNIRP} 2020 Basic Restrictions for Localized Radiofrequency Exposure in the Frequency Range above 6 {GHz}},
    journal = {Health Physics},
    year = {2022},
    volume = {123},
    number = {3},
    pages = {179--196},
    doi = {10.1097/HP.0000000000001581}
} 

@inproceedings{Kapetanovic2022IMBioc,
    author = {Ante Kapetanović and Giulia Sacco and Dragan Poljak and Maxim Zhadobov},
    title = {Assessment of Area-Average Absorbed Power Density on Realistic Tissue Models at {mmWaves}},
    year = {2022},
    booktitle = {In proceedings of the 2022 IEEE MTT-S International Microwave Biomedical Conference},
    location = {Sozhou, China},
    doi = {10.1109/IMBioC52515.2022.9790150},
}

@inproceedings{Kapetanovic2022HoloLens,
    author = {Ante Kapetanović and Anna Šušnjara and Dragan Poljak and Mladen Russo},
    title = {Stochastic-deterministic electromagnetic
    modeling of human head exposure to {Microsoft HoloLens}},
    year = {2022},
    booktitle = {In proceedings of the 2022 International Conference on Software, Telecommunications and Computer Networks},
    location = {Split, Croatia},
    doi = {10.23919/SoftCOM55329.2022.9911431},
}

@article{Foster2022Three,
    author = {Foster, Kenneth R. and Ziskin, Marvin C. and Balzano, Quirino},
    title = {Three quarters of a century of research on {RF} exposure assessment and dosimetry -- {What} have we learned?},
    journal = {International Journal of Environmental Research and Public Health},
    volume = {19},
    number = {4},
    year = {2022},
    article-number = {2067},
    doi = {10.3390/ijerph19042067}
}

@article{Sacco2022Exposure,
    author = {Sacco, Giulia and Haider, Zain and Zhadobov, Maxim},
    title = {Exposure levels induced in curved body parts at {mmWaves}},
    year = {2022},
    journal = {IEEE Journal of Electromagnetics, RF and Microwaves in Medicine and Biology},
    volume = {6},
    number = {3},
    pages = {413--419},
    doi = {10.1109/JERM.2022.3178604},
}

@misc{WHO2022Health,
    author = {{World Health Organization (WHO)}},
    title = {Constitution of the {World Health Organization} -- {Preamble}},
    url = {https://www.who.int/about/governance/constitution},
    howpublished = {\url{https://www.who.int/about/governance/constitution}},
    note = {accessed on May 23\textsuperscript{rd} 2023}
}

@ARTICLE{Taguchi2022Computation,
    author = {Taguchi, Kenji and Kodera, Sachiko and Hirata, Akimasa and Kashiwa, Tatsuya},
    journal = {IEEE Journal of Electromagnetics, RF and Microwaves in Medicine and Biology}, 
    title = {Computation of Absorbed Power Densities in High-Resolution Head Models by Considering Skin Thickness in Quasi-Millimeter and Millimeter Wave Bands}, 
    year = {2022},
    volume = {6},
    number = {4},
    pages = {516--523},
    doi = {10.1109/JERM.2022.3203576}
}

@article{Morimoto2022Assessment,
    author = {Ryota Morimoto and Akimasa Hirata},
    title = {Assessment of incident power density in different shapes of averaging area for radio-frequency exposure above 6 {GHz}},
    year = {2022},
    journal = {Physics in Medicine \& Biology},
    volume = {67},
    number = {21},
    pages = {215014},
    doi = {10.1088/1361-6560/ac994d},
}

@misc{ARPANSA2023What,
    author = {{Australian Radiation Protection and Nuclear Safety Agency (ARPANSA)}},
    title = {What is ionizing radiation?},
    url = {https://www.arpansa.gov.au/understanding-radiation/what-is-radiation/ionising-radiation},
    howpublished = {\url{https://www.arpansa.gov.au/understanding-radiation/what-is-radiation/ionising-radiation}},
    note = {accessed on May 23\textsuperscript{rd} 2023}
}

@misc{CISCO2023report,
    author = {{Cisco}},
    title = {Cisco annual Internet report (2018–2023), {White Paper}},
    url = https://www.cisco.com/c/en/us/solutions/collateral/executive-perspectives/annual-internet-report/white-paper-c11-741490.html,
    howpublished = {\url{https://www.cisco.com/c/en/us/solutions/collateral/executive-perspectives/annual-internet-report/white-paper-c11-741490.html}},
    note = {accessed on May 21\textsuperscript{st} 2023}
}

@misc{Ericsson20236G,
    author = {{Ericsson}},
    title = {{6G} -- {Connecting} a cyber-physical world, {White Paper}},
    url = https://www.ericsson.com/en/reports-and-papers/white-papers/a-research-outlook-towards-6g,
    howpublished = {\url{https://www.ericsson.com/en/reports-and-papers/white-papers/a-research-outlook-towards-6g}},
    note = {accessed on May 21\textsuperscript{st} 2023}
}

@article{Yao2023Study,
    author = {Yao, Ming and Zhekov, Stanislav Stefanov and Xu, Bo and Li, Kun and Zhang, Shuai},
    title = {A study on exposure to electromagnetic fields from user equipment antennas above 100 {GHz}},
    year = {2023},
    journal = {IEEE Transactions on Electromagnetic Compatibility}, 
    volume = {Early access},
    pages = {1--8},
    doi = {10.1109/TEMC.2023.3262322}
}

@article{Li2023Calculated,
    author = {Li, Kun and Kodera, Sachiko and Poljak, Dragan and Diao, Yinliang and Sasaki, Kensuke and Šušnjara, Anna and Prokop, Alexander and Taguchi, Kenji and Xi, Jingtian and Zhang, Shuai and Yao, Ming and Sacco, Giulia and Zhadobov, Maxim and Hajj, Walid El and Hirata, Akimasa},
    title = {Calculated epithelial/absorbed power density for exposure from antennas at 10--90 {GHz}: Intercomparison study using a planar skin model}, 
    year = {2023},
    journal = {IEEE Access}, 
    volume = {11},
    pages = {7420--7435},
    doi = {10.1109/ACCESS.2023.3238582}
}

% publishing and crediting
@article{Allen2014CRediT,
    author = {Liz Allen and Amy Brand and Jo Scott and Micah Altman and Marjorie Hlava},
    title = {Publishing: Credit where credit is due},
    year = {2014},
    journal = {Nature},
    volume = {508},
    pages = {312--313},
    doi = {10.1038/508312a}
}

@article{Holcombe2020tenzing,
    author = {Alex O. Holcombe and Marton Kovacs and Frederik Aust and Balazs Aczel},
    title = {Documenting contributions to scholarly articles using {CRediT} and \textit{tenzing}},
    year = {2020},
    journal = {PLoS ONE},
    volume = {15},
    number = {12},
    pages = {e0244611},
    doi = {10.1371/journal.pone.0244611},
}

@misc{CRT2023Roles,
    author = {{Contributor Roles Taxonomy}},
    title = {Contributor Roles Defined},
    url = https://credit.niso.org/contributor-roles-defined,
    howpublished = {\url{https://credit.niso.org/contributor-roles-defined}},
    note = {accessed on May 12\textsuperscript{th} 2023}
}

@article{Stodden2016Reproducibility,
    author = {Victoria Stodden  and Marcia McNutt  and David H. Bailey  and Ewa Deelman  and Yolanda Gil  and Brooks Hanson  and Michael A. Heroux  and John P.A. Ioannidis  and Michela Taufer},
    title = {Enhancing reproducibility for computational methods},
    year = {2016},
    journal = {Science},
    volume = {354},
    number = {6317},
    pages = {1240--1241},
    doi = {10.1126/science.aah6168},
}

% normal estimation
@article{Bentley1975Multidimensional,
    author = {Bentley, Jon Louis},
    title = {Multidimensional binary search trees used for associative searching},
    year = {1975},
    journal = {Communications of the Association for Computing Machinery},
    volume = {18},
    number = {9},
    pages = {509--517},
    doi = {10.1145/361002.361007},
}

@article{Hoppe1992Surface,
    author = {Hoppe, H. and DeRose, T. and Duchamp, T. and McDonald, J. and Stuetzle, W.},
    title = {Surface reconstruction from unorganized points},
    year = {1992},
    journal = {ACM Special Interest Group on Computer Graphics},
    volume = {26},
    number = {2},
    pages = {71--78},
    doi = {10.1145/142920.134011},
}

@article{Levin1998approximation,
    author = {Levin, D.},
    title = {The approximation power of moving least-squares},
    year = {1998},
    journal = {Mathematics of Computation},
    volume = {67},
    pages = {1517--1531},
    doi = {10.1090/S0025-5718-98-00974-0},
}

@inproceedings{Mitra2003Estimating,
    author = {Mitra, N. J. and Nguyen, A.},
    title = {Estimating surface normals in noisy point cloud data},
    year = {2003},
    booktitle = {In proceedings of the 2003 Symposium on Computational Geometry (SoCG03)},
    pages = {322--328},
    location = {New York, NY, USA},
    doi = {10.1145/777792.777840},
}

@article{Cazals2005Estimating,
    author = {Cazals, F. and Pouget, M.},
    title = {Estimating differential quantities using polynomial fitting of osculating jets},
    year = {2005},
    journal = {Computer Aided Geometric Design},
    volume = {22},
    number = {2},
    pages = {121--146},
    doi = {10.1016/j.cagd.2004.09.004},
}

@article{Jin2005comparison,
    author = {Jin, Shuangshuang and Lewis, Robert R. and West, David},
    title = {A comparison of algorithms for vertex normal computation},
    year = {2005},
    journal = {The Visual Computer},
    volume = {21},
    number = {1},
    pages = {1432--2315},
    doi = {10.1007/s00371-004-0271-1},
}

@inproceedings{Kazhdan2006Poisson,
    author = {Kazhdan, Michael and Bolitho, Matthew and Hoppe, Hugues},
    title = {Poisson surface reconstruction},
    year = {2006},
    booktitle = {In proceedings of the 2006 Eurographics Symposium on Geometry Processing},
    location = {Cagliari, Sardinia, Italy},
    pages = {61--70}
}

@article{Katz2007Direct,
    author = {Katz, S. and Tal, A. and Basri, R.},
    title = {Direct visibility of point sets},
    year = {2007},
    journal = {ACM Transactions on Graphics},
    volume = {26},
    number = {3},
    pages = {24--35},
    doi = {10.1145/1276377.1276407},
}

@article{Rouhani2015Implicit,
    author = {Mohammad Rouhani, Angel D. Sappa, Edmond Boyer},
    title = {Implicit {B-spline} surface reconstruction},
    year = {2015},
    journal = {IEEE Transactions on Image Processing},
    volume = {24},
    number = {1},
    pages = {22-32},
    doi = {10.1109/TIP.2014.2366374},
}

@inproceedings{Klasing2009Comparison,
    author = {Klaas Klasing and Daniel Althoff and Dirk Wollherr and Martin Buss},
    title = {Comparison of Surface Normal Estimation Methods for Range Sensing Applications},
    year = {2009},
    booktitle = {In proceedings of the 2009 IEEE International Conference on Robotics and Automation},
    pages = {3206--3211},
    location = {Kobe, Japan},
    doi = {10.1109/ROBOT.2009.5152493},
}

@inproceedings{Wang2015Designing,
    author = {Wang, Xiaolong and Fouhey, David F. and Gupta, Abhinav},
    title = {Designing deep networks for surface normal estimation}, 
    year = {2015},
    booktitle = {In proceedings of the 2015 IEEE Conference on Computer Vision and Pattern Recognition (CVPR)},
    location = {Boston, MA, US},
    pages = {539--547},
    doi={10.1109/CVPR.2015.7298652}
}

@article{Berger2017survey,
    author = {Berger, Matthew and Tagliasacchi, Andrea and Seversky, Lee M. and Alliez, Pierre and Guennebaud, Gaël and Levine, Joshua A. and Sharf, Andrei and Silva, Claudio T.},
    title = {A survey of surface reconstruction from point clouds},
    year = {2017},
    journal = {Computer Graphics Forum},
    volume = {36},
    number = {1},
    pages = {301--329},
    doi = {10.1111/cgf.12802},
}

@inproceedings{Charles2017PointNet,
    author={Charles, R. Q. and Su, H. and Kaichun, M. and Guibas, L. J.},
    title={{PointNet}: Deep learning on point sets for {3D} classification and segmentation}, 
    year={2017},
    booktitle = {In proceedings of the 2017 IEEE Conference on Computer Vision and Pattern Recognition (CVPR)}, 
    location = {Honolulu, Hawaii},
    pages = {77--85},
    doi = {10.1109/CVPR.2017.16}
}

@article{Guerrero2018PCPNet,
    title = {{PCPNet}: Learning local shape properties from raw point clouds}, 
    author = {Guerrero, P. and Kleiman, Y. and Ovsjanikov, M. and Mitra, N. J.},
    year = {2018},
    journal = {Computer Graphics Forum},
    volume = {37},
    number = {2},
    pages = {75--85},
    doi = {10.1111/cgf.13343},
}

@inproceedings{Ben-Shabat2019Nesti-Net,
    author = {Ben-Shabat, Y. and Lindenbaum, M. and Fischer, A.},
    title = {{Nesti-Net}: Normal estimation for unstructured {3D} point clouds Using convolutional neural networks},
    year = {2019},
    booktitle = {In proceedings of the 2019 IEEE/CVF Conference on Computer Vision and Pattern Recognition (CVPR)},
    location = {Long Beach, CA, USA},
    pages = {10104--10112},
    doi = {10.1109/CVPR.2019.01035}
}

@inproceedings{Lenssen2020Deep,
    author = {Lenssen, J. E. and Osendorfer, C. and Masci, J.},
    title = {Deep iterative surface normal estimation},
    year={2020},
    booktitle = {In proceedings of the 2020 IEEE/CVF Conference on Computer Vision and Pattern Recognition (CVPR)},
    location = {Virtual},
    pages = {11244--11253},
    doi = {10.1109/CVPR42600.2020.01126},
}

@inproceedings{Ben-Shabat2020DeepFit,
    author={Ben-Shabat, Y. and Gould, Stephen},
    title={{DeepFit}: {3D} surface fitting via neural network weighted least squares},
    year = {2020},
    booktitle = {In proceedings of the 2020 European Conference on Computer Vision}, 
    location = {Glasgow, UK},
    pages = {20--34},
    doi = {10.1007/978-3-030-58452-8_2}
}

@inproceedings{Zhu2021AdaFit,
    author = {Zhu, R. and Liu, Y. and Dong, Z. and Wang, Y. and Jiang, T. and Wang, W. and Yang, B.},
    title = {{AdaFit}: Rethinking learning-based normal estimation on point clouds},
    year = {2021},
    booktitle = {In proceedings of the 2021 IEEE/CVF International Conference on Computer Vision (ICCV)}, 
    location = {Montreal, QC, Canada},
    pages = {6098--6107},
    doi = {10.1109/ICCV48922.2021.00606}
}

@inproceedings{Li2022HSurf-Net,
    author = {Li, Qing and Liu, Yu-Shen and Cheng, Jin-San and Wang, Cheng and Fang, Yi and Han, Zhizhong},
    title = {{HSurf-Net}: Normal estimation for {3D} point clouds by learning hyper surfaces},
    year = {2022},
    booktitle = {In proceedings of the 2022 Advances in Neural Information Processing Systems (NeurIPS)},
    location = {New Orleans, LA, USA},
    pages = {4218--4230},
}

@article{Zhou2023Refine-Net,
    author = {Zhou, Haoran and Chen, Honghua and Zhang, Yingkui and Wei, Mingqiang and Xie, Haoran and Wang, Jun and Lu, Tong and Qin, Jing and Zhang, Xiao-Ping},
    title = {{Refine-Net}: Normal refinement neural network for noisy point clouds}, 
    year = {2023},
    journal = {IEEE Transactions on Pattern Analysis and Machine Intelligence}, 
    volume = {45},
    number = {1},
    pages = {946--963},
    doi = {10.1109/TPAMI.2022.3145877}
}


% misc
@misc{Weisstein2023Pathological,
    author = {Weisstein, Eric W.},
    title = {Pathological},
    howpublished = {\url{https://mathworld.wolfram.com/Pathological.html}},
    note = {accessed on May 14\textsuperscript{th} 2023}
}

@misc{Weisstein2023Spherical,
    author = {Weisstein, Eric W.},
    title = {Spherical coordinates},
    howpublished = {\url{https://mathworld.wolfram.com/SphericalCoordinates.html}},
    note = {accessed on June 3\textsuperscript{rd} 2023}
}

@misc{Sokolov2023Cylindrical,
    author = {Sokolov, D. D.},
    title = {Encyclopedia of mathematics, cylinder coordinates},
    howpublished = {\url{https://encyclopediaofmath.org/index.php?title=Cylinder_coordinates}},
    note = {accessed on June 3\textsuperscript{rd} 2023}
}

@misc{Shikin2023Gaussian,
    author = {Shikin, E. V.},
    title = {Encyclopedia of mathematics, {Gaussian} curvature},
    howpublished = {\url{https://encyclopediaofmath.org/index.php?title=Gaussian_curvature}},
    note = {accessed on June 3\textsuperscript{rd} 2023}
}

@misc{Weisstein2023Unit,
    author = {Weisstein, Eric W.},
    title = {Unit vector},
    howpublished = {\url{https://mathworld.wolfram.com/UnitVector.html}},
    note = {accessed on June 3\textsuperscript{rd} 2023}
}